@book{cramer2016politics,
  title={The politics of resentment: Rural consciousness in Wisconsin and the rise of Scott Walker},
  author={Cramer, Katherine J},
  year={2016},
  publisher={University of Chicago Press}
}

@article{munis2020us,
  title={Us over here versus them over there… literally: Measuring place resentment in American politics},
  author={Munis, B Kal},
  journal={Political Behavior},
  pages={1--22},
  year={2020},
  publisher={Springer}
}

@article{jacobs2019place,
  title={Place-based imagery and voter evaluations: Experimental evidence on the politics of place},
  author={Jacobs, Nicholas F and Munis, B Kal},
  journal={Political research quarterly},
  volume={72},
  number={2},
  pages={263--277},
  year={2019},
  publisher={SAGE Publications Sage CA: Los Angeles, CA}
}

@article{borwein2021municipal,
  title={Municipal identity and city interests},
  author={Borwein, Sophie and Lucas, Jack},
  journal={Political Behavior},
  pages={1--20},
  year={2021},
  publisher={Springer}
}

@article{jacques2021fiscal,
  title={Fiscal federalism, social identity and place-based resentment},
  author={Jacques, Olivier and Beland, Daniel and Lecours, Andre}},
  journal={Regional Studies},
  pages={1--14},
  year={2021},
  publisher={Taylor \& Francis}
}

@article{green2022gets,
  title={Who gets what: The economy, relative gains and Brexit},
  author={Green, Jane and Hellwig, Timothy and Fieldhouse, Edward},
  journal={British Journal of Political Science},
  volume={52},
  number={1},
  pages={320--338},
  year={2022},
  publisher={Cambridge University Press}
}

@article{rodriguez2018revenge,
  title={The revenge of the places that don’t matter (and what to do about it)},
  author={Rodriguez-Pose, Andres},
  journal={Cambridge journal of regions, economy and society},
  volume={11},
  number={1},
  pages={189--209},
  year={2018},
  publisher={Oxford University Press UK}
}

@article{mckay2019left,
  title={‘Left behind’people, or places? The role of local economies in perceived community representation},
  author={McKay, Lawrence},
  journal={Electoral Studies},
  volume={60},
  pages={102046},
  year={2019},
  publisher={Elsevier}
}

@article{ziblatt2020parochialism,
  title={Parochialism, place-based identity and radical-right voting},
  author={Ziblatt, Daniel and Hilbig, Hanno and Bischof, Daniel},
  journal={SocArXiv Papers},
  year={2020}
}